@online{decimalVsFloat,
    author       = {Laravel Daily},
    title        = {MySQL: Decimal vs Double vs Float?},
    year         = {2023},
    month        = {9},
    day          = {14},
    url          = {https://laraveldaily.com/post/mysql-decimal-vs-double-vs-float},
    note         = {Consultado el 19 de noviembre de 2024}
}
